<record><leader>00000cas a2200000 a 4500</leader><controlfield tag="001">27478810</controlfield><controlfield tag="008">930222d19541973iluwr ne      0   a0eng c</controlfield><datafield ind1=" " ind2=" " tag="010"><subfield code="a">sn 93055509 </subfield></datafield><datafield ind1=" " ind2=" " tag="040"><subfield code="a">NVF</subfield><subfield code="b">eng</subfield><subfield code="c">NVF</subfield><subfield code="d">OCLCQ</subfield><subfield code="d">NVF</subfield><subfield code="d">OCLCQ</subfield><subfield code="d">OCLCF</subfield><subfield code="d">NVF</subfield><subfield code="d">OCLCO</subfield></datafield><datafield ind1=" " ind2=" " tag="042"><subfield code="a">pcc</subfield></datafield><datafield ind1=" " ind2=" " tag="043"><subfield code="a">n-us-il</subfield></datafield><datafield ind1="0" ind2="0" tag="245"><subfield code="a">Henderson County graphic-reporter.</subfield></datafield><datafield ind1="3" ind2=" " tag="246"><subfield code="a">Henderson County graphic reporter</subfield></datafield><datafield ind1=" " ind2=" " tag="260"><subfield code="a">Stronghurst, Ill. :</subfield><subfield code="b">C.M. Bell &amp; Son,</subfield><subfield code="c">1954-1973.</subfield></datafield><datafield ind1=" " ind2=" " tag="300"><subfield code="a">v.</subfield></datafield><datafield ind1=" " ind2=" " tag="310"><subfield code="a">Weekly</subfield></datafield><datafield ind1="0" ind2=" " tag="362"><subfield code="a">Vol. 66, no. 24GR (Jan. 7, 1954)-v. 84, no. 35G (May 30, 1973).</subfield></datafield><datafield ind1=" " ind2=" " tag="580"><subfield code="a">Formed by the union of: Stronghurst graphic, and: Henderson County news (Lomax, Ill.), and: Raritan reporter.</subfield></datafield><datafield ind1=" " ind2=" " tag="580"><subfield code="a">Other ed. available: Henderson County journal (Oquawka, Ill. : 1878), 1967-1973.</subfield></datafield><datafield ind1=" " ind2="0" tag="651"><subfield code="a">Henderson County (Ill.)</subfield><subfield code="v">Newspapers.</subfield></datafield><datafield ind1=" " ind2="7" tag="651"><subfield code="a">Illinois</subfield><subfield code="z">Henderson County.</subfield><subfield code="2">fast</subfield><subfield code="0">(OCoLC)fst01206950</subfield></datafield><datafield ind1=" " ind2="7" tag="655"><subfield code="a">Newspapers.</subfield><subfield code="2">fast</subfield><subfield code="0">(OCoLC)fst01423814</subfield></datafield><datafield ind1=" " ind2=" " tag="752"><subfield code="a">United States</subfield><subfield code="b">Illinois</subfield><subfield code="c">Henderson</subfield><subfield code="d">Stronghurst.</subfield></datafield><datafield ind1="1" ind2=" " tag="775"><subfield code="t">Henderson County journal (Oquawka, Ill. : 1878)</subfield><subfield code="w">(DLC)sn 93055506</subfield><subfield code="w">(OCoLC)27478945</subfield></datafield><datafield ind1="1" ind2="4" tag="780"><subfield code="t">Stronghurst graphic</subfield><subfield code="w">(DLC)sn 93055508</subfield><subfield code="w">(OCoLC)27478738</subfield></datafield><datafield ind1="1" ind2="4" tag="780"><subfield code="t">Raritan reporter</subfield><subfield code="w">(DLC)sn 93055507</subfield><subfield code="w">(OCoLC)27478621</subfield></datafield><datafield ind1="1" ind2="4" tag="780"><subfield code="t">Henderson County news (Lomax, Ill.)</subfield><subfield code="w">(DLC)sn 98063302</subfield><subfield code="w">(OCoLC)40533657</subfield></datafield><datafield ind1="0" ind2="4" tag="785"><subfield code="t">Henderson County quill</subfield><subfield code="w">(DLC)sn 93055510</subfield><subfield code="w">(OCoLC)27479754</subfield></datafield></record>